%YAML 1.1
%TAG !u! tag:unity3d.com,2011:
--- !u!1 &2132787042411119572
GameObject:
  m_ObjectHideFlags: 0
  m_CorrespondingSourceObject: {fileID: 0}
  m_PrefabInstance: {fileID: 0}
  m_PrefabAsset: {fileID: 0}
  serializedVersion: 6
  m_Component:
  - component: {fileID: 2391087673417425682}
  - component: {fileID: 6657931842384820167}
  m_Layer: 0
  m_Name: laser no glow
  m_TagString: Untagged
  m_Icon: {fileID: 0}
  m_NavMeshLayer: 0
  m_StaticEditorFlags: 0
  m_IsActive: 1
--- !u!4 &2391087673417425682
Transform:
  m_ObjectHideFlags: 0
  m_CorrespondingSourceObject: {fileID: 0}
  m_PrefabInstance: {fileID: 0}
  m_PrefabAsset: {fileID: 0}
  m_GameObject: {fileID: 2132787042411119572}
  m_LocalRotation: {x: -0, y: -0, z: -0, w: 1}
  m_LocalPosition: {x: 0, y: 0, z: 0}
  m_LocalScale: {x: 1, y: 1, z: 1}
  m_Children: []
  m_Father: {fileID: 3276525525659370331}
  m_RootOrder: 0
  m_LocalEulerAnglesHint: {x: 0, y: 0, z: 0}
--- !u!212 &6657931842384820167
SpriteRenderer:
  m_ObjectHideFlags: 0
  m_CorrespondingSourceObject: {fileID: 0}
  m_PrefabInstance: {fileID: 0}
  m_PrefabAsset: {fileID: 0}
  m_GameObject: {fileID: 2132787042411119572}
  m_Enabled: 1
  m_CastShadows: 0
  m_ReceiveShadows: 0
  m_DynamicOccludee: 1
  m_MotionVectors: 1
  m_LightProbeUsage: 1
  m_ReflectionProbeUsage: 1
  m_RenderingLayerMask: 1
  m_RendererPriority: 0
  m_Materials:
  - {fileID: 10754, guid: 0000000000000000f000000000000000, type: 0}
  m_StaticBatchInfo:
    firstSubMesh: 0
    subMeshCount: 0
  m_StaticBatchRoot: {fileID: 0}
  m_ProbeAnchor: {fileID: 0}
  m_LightProbeVolumeOverride: {fileID: 0}
  m_ScaleInLightmap: 1
  m_ReceiveGI: 1
  m_PreserveUVs: 0
  m_IgnoreNormalsForChartDetection: 0
  m_ImportantGI: 0
  m_StitchLightmapSeams: 1
  m_SelectedEditorRenderState: 0
  m_MinimumChartSize: 4
  m_AutoUVMaxDistance: 0.5
  m_AutoUVMaxAngle: 89
  m_LightmapParameters: {fileID: 0}
  m_SortingLayerID: 0
  m_SortingLayer: 0
  m_SortingOrder: 1
  m_Sprite: {fileID: 21300000, guid: 5e40894aa8c48b8499cd01c779d99037, type: 3}
  m_Color: {r: 1, g: 1, b: 1, a: 1}
  m_FlipX: 0
  m_FlipY: 0
  m_DrawMode: 1
  m_Size: {x: 1.92, y: 0.48}
  m_AdaptiveModeThreshold: 0.5
  m_SpriteTileMode: 0
  m_WasSpriteAssigned: 1
  m_MaskInteraction: 0
  m_SpriteSortPoint: 0
--- !u!1 &3276525525659370327
GameObject:
  m_ObjectHideFlags: 0
  m_CorrespondingSourceObject: {fileID: 0}
  m_PrefabInstance: {fileID: 0}
  m_PrefabAsset: {fileID: 0}
  serializedVersion: 6
  m_Component:
  - component: {fileID: 3276525525659370331}
  - component: {fileID: 3276525525659370330}
  - component: {fileID: 3276525525659370325}
  - component: {fileID: 3276525525659370324}
  - component: {fileID: 3276525525659370328}
  m_Layer: 0
  m_Name: LaserShot
  m_TagString: Untagged
  m_Icon: {fileID: 0}
  m_NavMeshLayer: 0
  m_StaticEditorFlags: 0
  m_IsActive: 1
--- !u!4 &3276525525659370331
Transform:
  m_ObjectHideFlags: 0
  m_CorrespondingSourceObject: {fileID: 0}
  m_PrefabInstance: {fileID: 0}
  m_PrefabAsset: {fileID: 0}
  m_GameObject: {fileID: 3276525525659370327}
  m_LocalRotation: {x: 0, y: 0, z: 0, w: 1}
  m_LocalPosition: {x: 0, y: 0, z: 0}
  m_LocalScale: {x: 1, y: 1, z: 1}
  m_Children:
  - {fileID: 2391087673417425682}
  - {fileID: 5281863877720670647}
  m_Father: {fileID: 0}
  m_RootOrder: 0
  m_LocalEulerAnglesHint: {x: 0, y: 0, z: 0}
--- !u!212 &3276525525659370330
SpriteRenderer:
  m_ObjectHideFlags: 0
  m_CorrespondingSourceObject: {fileID: 0}
  m_PrefabInstance: {fileID: 0}
  m_PrefabAsset: {fileID: 0}
  m_GameObject: {fileID: 3276525525659370327}
  m_Enabled: 1
  m_CastShadows: 0
  m_ReceiveShadows: 0
  m_DynamicOccludee: 1
  m_MotionVectors: 1
  m_LightProbeUsage: 1
  m_ReflectionProbeUsage: 1
  m_RenderingLayerMask: 1
  m_RendererPriority: 0
  m_Materials:
  - {fileID: 10754, guid: 0000000000000000f000000000000000, type: 0}
  m_StaticBatchInfo:
    firstSubMesh: 0
    subMeshCount: 0
  m_StaticBatchRoot: {fileID: 0}
  m_ProbeAnchor: {fileID: 0}
  m_LightProbeVolumeOverride: {fileID: 0}
  m_ScaleInLightmap: 1
  m_ReceiveGI: 1
  m_PreserveUVs: 0
  m_IgnoreNormalsForChartDetection: 0
  m_ImportantGI: 0
  m_StitchLightmapSeams: 1
  m_SelectedEditorRenderState: 0
  m_MinimumChartSize: 4
  m_AutoUVMaxDistance: 0.5
  m_AutoUVMaxAngle: 89
  m_LightmapParameters: {fileID: 0}
  m_SortingLayerID: 0
  m_SortingLayer: 0
  m_SortingOrder: 0
  m_Sprite: {fileID: 21300000, guid: dee40f6e8fe079349afa3fed24f934d2, type: 3}
  m_Color: {r: 1, g: 0, b: 0, a: 1}
  m_FlipX: 0
  m_FlipY: 0
  m_DrawMode: 1
  m_Size: {x: 1.92, y: 0.48}
  m_AdaptiveModeThreshold: 0.5
  m_SpriteTileMode: 0
  m_WasSpriteAssigned: 1
  m_MaskInteraction: 0
  m_SpriteSortPoint: 0
--- !u!61 &3276525525659370325
BoxCollider2D:
  m_ObjectHideFlags: 0
  m_CorrespondingSourceObject: {fileID: 0}
  m_PrefabInstance: {fileID: 0}
  m_PrefabAsset: {fileID: 0}
  m_GameObject: {fileID: 3276525525659370327}
  m_Enabled: 1
  m_Density: 1
  m_Material: {fileID: 0}
  m_IsTrigger: 1
  m_UsedByEffector: 0
  m_UsedByComposite: 0
  m_Offset: {x: 0, y: 0}
  m_SpriteTilingProperty:
    border: {x: 2.34, y: 0, z: 2.34, w: 0}
    pivot: {x: 0.5, y: 0.5}
    oldSize: {x: 5.12, y: 2.56}
    newSize: {x: 1.92, y: 0.48}
    adaptiveTilingThreshold: 0.5
    drawMode: 1
    adaptiveTiling: 0
  m_AutoTiling: 0
  serializedVersion: 2
  m_Size: {x: 1.1, y: 0.17}
  m_EdgeRadius: 0
--- !u!114 &3276525525659370324
MonoBehaviour:
  m_ObjectHideFlags: 0
  m_CorrespondingSourceObject: {fileID: 0}
  m_PrefabInstance: {fileID: 0}
  m_PrefabAsset: {fileID: 0}
  m_GameObject: {fileID: 3276525525659370327}
  m_Enabled: 1
  m_EditorHideFlags: 0
  m_Script: {fileID: 11500000, guid: 3c5bee770892cc14dbe04954f833f5ad, type: 3}
  m_Name: 
  m_EditorClassIdentifier: 
  deathParticle: {fileID: 8219505087597727330, guid: 1872d90ef9bad9c479b36ad05f2e1b25,
    type: 3}
  particlesFront: {fileID: 2320374110911995205}
  particlesBack: {fileID: 3268814574865195079}
  color: {r: 0, g: 0, b: 0, a: 0}
  speed: 0
--- !u!50 &3276525525659370328
Rigidbody2D:
  serializedVersion: 4
  m_ObjectHideFlags: 0
  m_CorrespondingSourceObject: {fileID: 0}
  m_PrefabInstance: {fileID: 0}
  m_PrefabAsset: {fileID: 0}
  m_GameObject: {fileID: 3276525525659370327}
  m_BodyType: 1
  m_Simulated: 1
  m_UseFullKinematicContacts: 1
  m_UseAutoMass: 0
  m_Mass: 1
  m_LinearDrag: 0
  m_AngularDrag: 0.05
  m_GravityScale: 1
  m_Material: {fileID: 0}
  m_Interpolate: 0
  m_SleepingMode: 1
  m_CollisionDetection: 0
  m_Constraints: 0
--- !u!1001 &4783124132479977540
PrefabInstance:
  m_ObjectHideFlags: 0
  serializedVersion: 2
  m_Modification:
    m_TransformParent: {fileID: 3276525525659370331}
    m_Modifications:
    - target: {fileID: 6736301939357609762, guid: d75decbd2cb29a24282c55bec24a5635,
        type: 3}
      propertyPath: m_Name
      value: LaserParticles
      objectReference: {fileID: 0}
    - target: {fileID: 7084881276003243265, guid: d75decbd2cb29a24282c55bec24a5635,
        type: 3}
      propertyPath: ShapeModule.radius.value
      value: 0.8
      objectReference: {fileID: 0}
    - target: {fileID: 7084881276003243265, guid: d75decbd2cb29a24282c55bec24a5635,
        type: 3}
      propertyPath: EmissionModule.rateOverTime.scalar
      value: 10
      objectReference: {fileID: 0}
    - target: {fileID: 8015346887859431427, guid: d75decbd2cb29a24282c55bec24a5635,
        type: 3}
      propertyPath: ShapeModule.radius.value
      value: 0.8
      objectReference: {fileID: 0}
    - target: {fileID: 8015346887859431427, guid: d75decbd2cb29a24282c55bec24a5635,
        type: 3}
      propertyPath: EmissionModule.rateOverTime.scalar
      value: 10
      objectReference: {fileID: 0}
    - target: {fileID: 805547539650791923, guid: d75decbd2cb29a24282c55bec24a5635,
        type: 3}
      propertyPath: m_LocalPosition.x
      value: 0
      objectReference: {fileID: 0}
    - target: {fileID: 805547539650791923, guid: d75decbd2cb29a24282c55bec24a5635,
        type: 3}
      propertyPath: m_LocalPosition.y
      value: 0
      objectReference: {fileID: 0}
    - target: {fileID: 805547539650791923, guid: d75decbd2cb29a24282c55bec24a5635,
        type: 3}
      propertyPath: m_LocalPosition.z
      value: 0
      objectReference: {fileID: 0}
    - target: {fileID: 805547539650791923, guid: d75decbd2cb29a24282c55bec24a5635,
        type: 3}
      propertyPath: m_LocalRotation.x
      value: 0
      objectReference: {fileID: 0}
    - target: {fileID: 805547539650791923, guid: d75decbd2cb29a24282c55bec24a5635,
        type: 3}
      propertyPath: m_LocalRotation.y
      value: 0
      objectReference: {fileID: 0}
    - target: {fileID: 805547539650791923, guid: d75decbd2cb29a24282c55bec24a5635,
        type: 3}
      propertyPath: m_LocalRotation.z
      value: 0
      objectReference: {fileID: 0}
    - target: {fileID: 805547539650791923, guid: d75decbd2cb29a24282c55bec24a5635,
        type: 3}
      propertyPath: m_LocalRotation.w
      value: 1
      objectReference: {fileID: 0}
    - target: {fileID: 805547539650791923, guid: d75decbd2cb29a24282c55bec24a5635,
        type: 3}
      propertyPath: m_RootOrder
      value: 1
      objectReference: {fileID: 0}
    - target: {fileID: 805547539650791923, guid: d75decbd2cb29a24282c55bec24a5635,
        type: 3}
      propertyPath: m_LocalEulerAnglesHint.x
      value: 0
      objectReference: {fileID: 0}
    - target: {fileID: 805547539650791923, guid: d75decbd2cb29a24282c55bec24a5635,
        type: 3}
      propertyPath: m_LocalEulerAnglesHint.y
      value: 0
      objectReference: {fileID: 0}
    - target: {fileID: 805547539650791923, guid: d75decbd2cb29a24282c55bec24a5635,
        type: 3}
      propertyPath: m_LocalEulerAnglesHint.z
      value: 0
      objectReference: {fileID: 0}
    m_RemovedComponents: []
  m_SourcePrefab: {fileID: 100100000, guid: d75decbd2cb29a24282c55bec24a5635, type: 3}
--- !u!4 &5281863877720670647 stripped
Transform:
  m_CorrespondingSourceObject: {fileID: 805547539650791923, guid: d75decbd2cb29a24282c55bec24a5635,
    type: 3}
  m_PrefabInstance: {fileID: 4783124132479977540}
  m_PrefabAsset: {fileID: 0}
--- !u!198 &2320374110911995205 stripped
ParticleSystem:
  m_CorrespondingSourceObject: {fileID: 7084881276003243265, guid: d75decbd2cb29a24282c55bec24a5635,
    type: 3}
  m_PrefabInstance: {fileID: 4783124132479977540}
  m_PrefabAsset: {fileID: 0}
--- !u!198 &3268814574865195079 stripped
ParticleSystem:
  m_CorrespondingSourceObject: {fileID: 8015346887859431427, guid: d75decbd2cb29a24282c55bec24a5635,
    type: 3}
  m_PrefabInstance: {fileID: 4783124132479977540}
  m_PrefabAsset: {fileID: 0}
